@misc{the_numbers_production_companies,
  title        = {Production Companies Overview},
  howpublished = {\url{https://www.the-numbers.com/movies/production-companies/\#production_companies_overview=od1}},
  note         = {Accessed: 2025-08-08},
}

@misc{imdb_top_directors,
  title        = {IMDb List: Top 25 Greatest Directors of All Time},
  howpublished = {\url{https://www.imdb.com/list/ls052380992/}},
  note         = {Accessed: 2025-08-08},
}

@misc{imdb_top_writers,
  title        = {IMDb List: Top 20 Greatest Screenwriters of All Time},
  howpublished = {\url{https://www.imdb.com/list/ls064457317/}},
  note         = {Accessed: 2025-08-08},
}

@misc{wiki_film_actresses,
  title        = {List of American Film Actresses},
  howpublished = {\url{https://en.wikipedia.org/wiki/List_of_American_film_actresses}},
  note         = {Accessed: 2025-08-08},
}

@misc{imdb_a_list_actors,
  title        = {IMDb A-List Actors},
  howpublished = {\url{https://www.imdb.com/list/ls056262001/}},
  note         = {Accessed: 2025-08-08},
}

@misc{imdb_a_list_actresses,
  title        = {IMDb A-List Actresses},
  howpublished = {\url{https://www.imdb.com/list/ls056262192/}},
  note         = {Accessed: 2025-08-08},
}

@misc{imdb_b_list,
  title        = {IMDb B-List Actors and Actresses},
  howpublished = {\url{https://www.imdb.com/list/ls024783564/}},
  note         = {Accessed: 2025-08-08},
}

@misc{distilbert_sst2_hf,
  title        = {distilbert-base-uncased-finetuned-sst-2-english},
  author       = {Hugging Face},
  howpublished = {\url{https://huggingface.co/distilbert/distilbert-base-uncased-finetuned-sst-2-english}},
  year         = {n.d.},
  note         = {Accessed: 2025-08-08; DOI: 10.57967/hf/0181},
}

@misc{scikit_learn_standardscaler,
  author       = {{scikit-learn developers}},
  title        = {StandardScaler â€” scikit-learn 1.7.1 documentation},
  howpublished = {\url{https://scikit-learn.org/stable/modules/generated/sklearn.preprocessing.StandardScaler.html}},
  year         = {2025},
  note         = {Accessed: 2025-08-08},
}

@misc{science_cinema_history,
  title        = {A Very Short History of Cinema},
  howpublished = {\url{https://www.scienceandmediamuseum.org.uk/objects-and-stories/very-short-history-of-cinema}},
  author       = {{National Science and Media Museum}},
  year         = {2020},
  month        = {June},
  day          = {18},
  note         = {Accessed: 2025-08-11},
}

@misc{statista_film,
  title        = {Film Production Worldwide - Statista Topic Overview},
  howpublished = {\url{https://www.statista.com/topics/5431/film-production-worldwide/}},
  author       = {Statista},
  year         = {n.d.},
  note         = {Accessed: 2025-08-11},
}